<record><leader>00000cas a22000007a 4500</leader><controlfield tag="001">13789289</controlfield><controlfield tag="008">860627d18781883nvudn ne      0    0eng d</controlfield><datafield ind1=" " ind2=" " tag="010"><subfield code="a">sn 86076290 </subfield></datafield><datafield ind1=" " ind2=" " tag="040"><subfield code="a">NNX</subfield><subfield code="b">eng</subfield><subfield code="c">NNX</subfield><subfield code="d">OCLCQ</subfield></datafield><datafield ind1=" " ind2=" " tag="042"><subfield code="a">msc</subfield></datafield><datafield ind1="0" ind2=" " tag="130"><subfield code="a">Times-review (Tuscarora, Nev.)</subfield></datafield><datafield ind1="1" ind2="4" tag="245"><subfield code="a">The Times-review.</subfield></datafield><datafield ind1="1" ind2="3" tag="246"><subfield code="a">Daily times-review</subfield></datafield><datafield ind1=" " ind2=" " tag="260"><subfield code="a">Tuscarora, Nev. :</subfield><subfield code="b">Fairchild &amp; Dennis,</subfield><subfield code="c">-1883.</subfield></datafield><datafield ind1=" " ind2=" " tag="300"><subfield code="a">v. :</subfield><subfield code="b">ill.</subfield></datafield><datafield ind1=" " ind2=" " tag="310"><subfield code="a">Daily (except Sun.),</subfield><subfield code="b">June 12, 1882-Apr. 7, 1883</subfield></datafield><datafield ind1=" " ind2=" " tag="321"><subfield code="a">Weekly,</subfield><subfield code="b">Dec. 4, 1881-June 9, 1882</subfield></datafield><datafield ind1="0" ind2=" " tag="362"><subfield code="a">-v. 10, no. 99 (Apr. 7, 1883).</subfield></datafield><datafield ind1="1" ind2=" " tag="362"><subfield code="a">Began with Jan. 3, 1878 issue.</subfield><subfield code="z">Cf. Lingenfelter, R. Newspapers of Nev., 1854-1979.</subfield></datafield><datafield ind1=" " ind2=" " tag="500"><subfield code="a">Publisher: Aug. 18, 1881-Apr. 7, 1883, O.L.C. Fairchild.</subfield></datafield><datafield ind1=" " ind2=" " tag="588"><subfield code="a">Description based on: Vol. 6, no. 76 (Sept. 25, 1880); title from publisher's statement: Daily times-review, &lt;Sept. 25, 1880&gt;-Oct. 29, 1881.</subfield></datafield><datafield ind1=" " ind2=" " tag="752"><subfield code="a">United States</subfield><subfield code="b">Nevada</subfield><subfield code="c">Elko</subfield><subfield code="d">Tuscarora.</subfield></datafield><datafield ind1="0" ind2="4" tag="780"><subfield code="t">Tuscarora times</subfield><subfield code="w">(DLC)sn 86076289</subfield></datafield><datafield ind1="0" ind2="4" tag="780"><subfield code="t">Daily mining review</subfield><subfield code="w">(DLC)sn 86076390</subfield><subfield code="w">(OCoLC)14362879</subfield></datafield><datafield ind1="0" ind2="0" tag="785"><subfield code="t">Tuscarora times and mining review</subfield><subfield code="w">(DLC)sn 86076291</subfield></datafield></record>